@book{smith1776,
  author    = {Adam Smith},
  title     = {An Inquiry into the Nature and Causes of the Wealth of Nations},
  year      = {1776},
  publisher = {W. Strahan and T. Cadell},
  address   = {London}
}

@article{breiman2001statistical,
  author  = {Leo Breiman},
  title   = {Statistical Modeling: The Two Cultures},
  journal = {Statistical Science},
  volume  = {16},
  number  = {3},
  pages   = {199--231},
  year    = {2001},
  publisher = {Institute of Mathematical Statistics}
}

@book{knuth1984texbook,
  author    = {Donald E. Knuth},
  title     = {The \TeX book},
  year      = {1984},
  publisher = {Addison-Wesley},
  address   = {Reading, Massachusetts}
}